@INPROCEEDINGS{UNG+12,
  author = {Christina Unger and Lorenz B\"uhmann and Jens Lehmann and Axel-Cyrille
	Ngonga Ngomo and Daniel Gerber and Philipp Cimiano},
  title = {Template-based question answering over {RDF} data},
  booktitle = {Proceedings of WWW},
  year = {2012},
  keywords = {group_aksw SIMBA sys:relevantFor:infai sys:relevantFor:bis ngonga
	lehmann MOLE},
  owner = {ngonga},
  timestamp = {2012.03.06}
}

@INPROCEEDINGS{SHE+11,
  author = {Saeedeh Shekarpour and S\"oren Auer and Axel-Cyrille {Ngonga Ngomo}
	and Daniel Gerber and Sebastian Hellmann and Claus Stadler},
  title = {Keyword-driven SPARQL Query Generation Leveraging Background Knowledge},
  booktitle = {ACM/IEEE WI},
  year = {2011},
  keywords = {group_aksw SIMBA sys:relevantFor:infai sys:relevantFor:bis stadler
	ngonga},
  owner = {ngonga},
  timestamp = {2011.07.04}
}

@inproceedings{key-1,
 author = {Stuckenschmidt, Heiner and Vdovjak, Richard and Houben, Geert-Jan and Broekstra, Jeen},
 title = {Index structures and algorithms for querying distributed RDF repositories},
 booktitle = {Proceedings of the 13th international conference on World Wide Web},
 series = {WWW '04},
 year = {2004},
 location = {New York, NY, USA},
 pages = {631--639},
 keywords = {RDF querying, index structures, optimization},
} 

@inproceedings{key-2,
 author = {Quilitz, Bastian and Leser, Ulf},
 title = {Querying distributed RDF data sources with SPARQL},
 booktitle = {Proceedings of the 5th European semantic web conference on The semantic web: research and applications},
 series = {ESWC'08},
 year = {2008},
 location = {Tenerife, Canary Islands, Spain},
 pages = {524--538},
 } 
 
@inproceedings{key-3,
 author = {Langegger, Andreas and W\"{o}\ss, Wolfram and Bl\"{o}chl, Martin},
 title = {A semantic web middleware for virtual data integration on the web},
 booktitle = {Proceedings of the 5th European semantic web conference on The semantic web: research and applications},
 series = {ESWC'08},
 year = {2008},
 location = {Tenerife, Canary Islands, Spain},
 pages = {493--507},
} 

@inproceedings{key-4,
 author = {Hartig, Olaf and Bizer, Christian and Freytag, Johann-Christoph},
 title = {Executing SPARQL Queries over the Web of Linked Data},
 booktitle = {Proceedings of the 8th International Semantic Web Conference},
 series = {ISWC '09},
 year = {2009},
 location = {Chantilly, VA},
 pages = {293--309},
 } 
 
@inproceedings{key-5,
 author = {Harth, Andreas and Hose, Katja and Karnstedt, Marcel and Polleres, Axel and Sattler, Kai-Uwe and Umbrich, J\"{u}rgen},
 title = {Data summaries for on-demand queries over linked data},
 booktitle = {Proceedings of the 19th international conference on World wide web},
 series = {WWW '10},
 year = {2010},
 location = {Raleigh, North Carolina, USA},
 pages = {411--420},
 keywords = {index structures, linked data, rdf querying},
}

@article{key-6,
 author = {Umbrich, J\"{u}rgen and Hose, Katja and Karnstedt, Marcel and Harth, Andreas and Polleres, Axel},
 title = {Comparing data summaries for processing live queries over Linked Data},
 journal = {World Wide Web},
 issue_date = {October   2011},
 volume = {14},
 number = {5-6},
 month = oct,
 year = {2011},
 pages = {495--544},
  keywords = {Linked Data, RDF querying, index structures},
} 

@incollection{key-7,
year={2011},
isbn={978-3-642-25072-9},
booktitle={The Semantic Web, ISWC 2011},
volume={7031},
series={Lecture Notes in Computer Science},
title={FedX: Optimization Techniques for Federated Query Processing on Linked Data},
author={Schwarte, Andreas and Haase, Peter and Hose, Katja and Schenkel, Ralf and Schmidt, Michael},
pages={601-616}
}

@article{key-8,
 author = {P{\'e}rez, Jorge and Arenas, Marcelo and Gutierrez, Claudio},
 title = {Semantics and complexity of SPARQL},
 journal = {ACM Trans. Database Syst.},
 issue_date = {August 2009},
 volume = {34},
 number = {3},
 month = {sep},
 year = {2009},
 pages = {16:1--16:45},
 keywords = {Complexity, RDF, SPARQL, query language, semantic Web},
} 

@ARTICLE{key-9,
    author = {Andrei Z. Broder and Moses Charikar and Alan M. Frieze and Michael Mitzenmacher},
    title = {Min-wise Independent Permutations},
    journal = {Journal of Computer and System Sciences},
    year = {1998},
    volume = {60},
    pages = {327--336}
}

@article{key-10,
 author = {Bloom, Burton H.},
 title = {Space/time trade-offs in hash coding with allowable errors},
 journal = {Commun. ACM},
 issue_date = {July 1970},
 volume = {13},
 number = {7},
 month = jul,
 year = {1970},
 pages = {422--426},
  keywords = {hash addressing, hash coding, retrieval efficiency, retrieval trade-offs, scatter storage, searching, storage efficiency, storage layout},
} 

@article{key-11,
 author = {Mitzenmacher, Michael},
 title = {Compressed bloom filters},
 journal = {IEEE/ACM Trans. Netw.},
 issue_date = {October 2002},
 volume = {10},
 number = {5},
 month = oct,
 year = {2002},
 pages = {604--612},
 keywords = {algorithms, computer networks, distributed computing, distributed information systems, information theory},
}

@INPROCEEDINGS{key-12,
    author = {Matthias Bender and Sebastian Michel and Peter Triantafillou and Gerhard Weikum and Christian Zimmer},
    title = {Minerva: Collaborative p2p search},
    booktitle = {In VLDB},
    year = {2005},
    pages = {1263--1266},
}

@article{key-13,
title = "p2pDating: Real life inspired semantic overlay networks for Web search",
journal = "Information Processing and Management",
volume = "43",
number = "3",
pages = "643 - 664",
year = "2007",
author = "Josiane Xavier Parreira and Sebastian Michel and Gerhard Weikum",
keywords = "Semantic overlay networks",
keywords = "P2P information systems",
keywords = "Distributed PageRank computation",
keywords = "Distributed Web search",
}
 

 @INPROCEEDINGS{AUE+11,
  author = {S{\"o}ren Auer and Jens Lehmann and Axel-Cyrille Ngonga Ngomo},
  title = {Introduction to Linked Data and Its Lifecycle on the Web},
  booktitle = {Reasoning Web},
  year = {2011},
  pages = {1-75},
  keywords = {group_aksw sys:relevantFor:infai sys:relevantFor:bis SIMBA ngonga}
}

@misc{key-14, 
   title = {{State of the Linked Data cloud}},
  url = {http://www4.wiwiss.fu-berlin.de/lodcloud/state/},
  year = {2011}
}

@inproceedings{key-15,
 author = {Li, Yingjie and Heflin, Jeff},
 title = {Using reformulation trees to optimize queries over distributed heterogeneous sources},
 booktitle = {Proceedings of the 9th international semantic web conference on The semantic web, Volume Part I},
 series = {ISWC'10},
 year = {2010},
 location = {Shanghai, China},
 pages = {502--517},
 keywords = {information integration, query optimization, query reformulation, source selectivity},
}

@inproceedings{key-16,
 author = {Kaoudi, Zoi and Kyzirakos, Kostis and Koubarakis, Manolis},
 title = {SPARQL query optimization on top of DHTs},
 booktitle = {Proceedings of the 9th international semantic web conference on The semantic web, Volume Part I},
 series = {ISWC'10},
 year = {2010},
 pages = {418--435},
 } 
 
@article{key-17,
 author = {Deshpande, Amol and Ives, Zachary and Raman, Vijayshankar},
 title = {Adaptive query processing},
 journal = {Found. Trends databases},
 issue_date = {January 2007},
 volume = {1},
 number = {1},
 month = jan,
 year = {2007},
 pages = {1--140},
 numpages = {140},
 } 
 
@inproceedings{key-18,
 author = {Ladwig, G\"{u}nter and Tran, Thanh},
 title = {Linked data query processing strategies},
 booktitle = {Proceedings of the 9th international semantic web conference on The semantic web, Volume Part I},
 series = {ISWC'10},
 year = {2010},
 location = {Shanghai, China},
 pages = {453--469},
 } 
 
@inproceedings{key-19,
 author = {Ladwig, G\"{u}nter and Tran, Thanh},
 title = {SIHJoin: querying remote and local linked data},
 booktitle = {Proceedings of the 8th extended semantic web conference on The semantic web: research and applications, Volume Part I},
 series = {ESWC'11},
 year = {2011},
 location = {Heraklion, Crete, Greece},
 pages = {139--153},
 } 
 
@inproceedings{key-20,
 author = {Auer, S\"{o}ren and Lehmann, Jens and Ngomo, Axel-Cyrille Ngonga},
 title = {Introduction to linked data and its lifecycle on the web},
 booktitle = {Proceedings of the 7th international conference on Reasoning web: semantic technologies for the web of data},
 series = {RW'11},
 year = {2011},
 isbn = {978-3-642-23031-8},
 location = {Galway, Ireland},
 pages = {1--75},
 } 
 
@inproceedings{key-21,
 author = {Acosta, Maribel and Vidal, Maria-Esther and Lampo, Tomas and Castillo, Julio and Ruckhaus, Edna},
 title = {ANAPSID: an adaptive query processing engine for SPARQL endpoints},
 booktitle = {Proceedings of the 10th international conference on The semantic web, Volume Part I},
 series = {ISWC'11},
 year = {2011},
 location = {Bonn, Germany},
 pages = {18--34},
} 

@inproceedings{key-22,
 author = {Buil-Aranda, Carlos and Arenas, Marcelo and Corcho, Oscar},
 title = {Semantics and optimization of the SPARQL 1.1 federation extension},
 booktitle = {Proceedings of the 8th extended semantic web conference on The semanic web: research and applications, Volume Part II},
 series = {ESWC'11},
 year = {2011},
 location = {Heraklion, Crete, Greece},
 pages = {1--15},
 }
 
@inproceedings{key-23,
 author = {Stocker, Markus and Seaborne, Andy and Bernstein, Abraham and Kiefer, Christoph and Reynolds, Dave},
 title = {SPARQL basic graph pattern optimization using selectivity estimation},
 booktitle = {Proceedings of the 17th international conference on World Wide Web},
 series = {WWW '08},
 year = {2008},
 location = {Beijing, China},
 pages = {595--604},
 keywords = {SPARQL, query optimization, selectivity estimation},
}

@inproceedings{key-24,
       booktitle = {Proceedings Of The 6th International Workshop On Scalable Semantic Web Knowledge Base Systems (SSWS2010)},
           month = {November},
           title = {Avalanche: putting the spirit of the web back into semantic web querying},
          author = {C Basca and A Bernstein},
            year = {2010},
           pages = {64--79},
      }
	  
@inproceedings{key-25,
 author = {Hartig, Olaf},
 title = {Zero-knowledge query planning for an iterator implementation of link traversal based query execution},
 booktitle = {Proceedings of the 8th extended semantic web conference on The semantic web: research and applications, Volume Part I},
 series = {ESWC'11},
 year = {2011},
 location = {Heraklion, Crete, Greece},
 pages = {154--169},
 } 
 
@inproceedings{key-26,
    author = {{Ngonga Ngomo}, Axel-Cyrille and Auer, S{\"o}ren},
    booktitle = {IJCAI},
    pages = {2312--2317},
     publisher = {IJCAI/AAAI},
    title = {{LIMES A Time-Efficient Approach for Large-Scale Link Discovery on the Web of Data}},
    year = {2011},
}

@inproceedings{key-27,
   author = {Isele, Robert and Jentzsch, Anja and Bizer, Christian},
  booktitle = {14th International Workshop on the Web and Databases (WebDB 2011), Athens},
  keywords = {blocking lod2page silk sys:relevantfor:lod2},
  title = {Efficient Multidimensional Blocking for Link Discovery without losing Recall},
  year = {2011},
}

@inproceedings{key-28,
 author = {Ngonga Ngomo, Axel-Cyrille and Lyko, Klaus},
 title = {EAGLE: efficient active learning of link specifications using genetic programming},
 booktitle = {Proceedings of the 9th international conference on The Semantic Web: research and applications},
 series = {ESWC'12},
 year = {2012},
 location = {Heraklion, Crete, Greece},
 pages = {149--163},
 } 
 
@inproceedings{key-35,
 author = {Morsey, Mohamed and Lehmann, Jens and Auer, S\"{o}ren and Ngomo, Axel-Cyrille Ngonga},
 title = {DBpedia SPARQL benchmark: performance assessment with real queries on real data},
 booktitle = {Proceedings of the 10th international conference on The semantic web, Volume Part I},
 series = {ISWC'11},
 year = {2011},
 location = {Bonn, Germany},
 pages = {454--469},
} 

@article{key-36,
  author = {Ntarmos, Nikos and Triantafillou, Peter and Weikum, Gerhard},
  date = {2009-02-13},
  journal = {ACM Trans. Comput. Syst.},
  keywords = {dblp},
  title = {Distributed hash sketches: Scalable, efficient, and accurate cardinality estimation for distributed multisets.},
  volume = {27},
  year = {2009},
}

@inproceedings{key-37,
 author = {Polyzotis, Neoklis and Garofalakis, Minos},
 title = {Statistical synopses for graph-structured XML databases},
 booktitle = {Proceedings of the 2002 ACM SIGMOD international conference on Management of data},
 series = {SIGMOD '02},
 year = {2002},
 location = {Madison, Wisconsin},
 pages = {358--369},
 numpages = {12},
 }
 
@INPROCEEDINGS{key-38,
    author = {Natasha Drukh and Neoklis Polyzotis and Yossi Matias},
    title = {Fractional XSKETCH synopses for XML databases},
    booktitle = {In Second International XML Database Symposium, XSym 2004},
    year = {2004},
    pages = {189--203},
}
@INPROCEEDINGS{key-39,
    author = {Sebastian Michel and Matthias Bender and Peter Triantafillou},
    title = {IQN routing: Integrating quality and novelty in p2p querying and ranking},
    booktitle = {In EDBT},
    year = {2006},
    pages = {149--166},
}

@inproceedings{key-40,
 author = {Charikar, Moses S.},
 title = {Similarity estimation techniques from rounding algorithms},
 booktitle = {Proceedings of the thiry-fourth annual ACM symposium on Theory of computing},
 series = {STOC '02},
 year = {2002},
 location = {Montreal, Quebec, Canada},
 pages = {380--388},
 } 
@inproceedings{key-41,
  added-at = {2011-10-10T12:26:49.000+0200},
  address = {Bonn, Germany},
  author = {G\"{o}rlitz, Olaf and Staab, Steffen},
  booktitle = {Proceedings of the 2nd International Workshop on Consuming Linked Data(COLD 2011) at ISWC 2011},
  title = {SPLENDID: SPARQL Endpoint Federation Exploiting VOID Descriptions},
   year = {2011},
}



