@INPROCEEDINGS{UNG+12,
  author = {Christina Unger and Lorenz B\"uhmann and Jens Lehmann and Axel-Cyrille
	Ngonga Ngomo and Daniel Gerber and Philipp Cimiano},
  title = {Template-based question answering over {RDF} data},
  booktitle = {Proceedings of WWW},
  year = {2012},
  keywords = {group_aksw SIMBA sys:relevantFor:infai sys:relevantFor:bis ngonga
	lehmann MOLE},
  owner = {ngonga},
  timestamp = {2012.03.06}
}

@INPROCEEDINGS{SHE+11,
  author = {Saeedeh Shekarpour and S\"oren Auer and Axel-Cyrille {Ngonga Ngomo}
	and Daniel Gerber and Sebastian Hellmann and Claus Stadler},
  title = {Keyword-driven SPARQL Query Generation Leveraging Background Knowledge},
  booktitle = {ACM/IEEE WI},
  year = {2011},
  keywords = {group_aksw SIMBA sys:relevantFor:infai sys:relevantFor:bis stadler
	ngonga},
  owner = {ngonga},
  timestamp = {2011.07.04}
}
