@inproceedings{key-1,
 author = {Stuckenschmidt, Heiner and Vdovjak, Richard and Houben, Geert-Jan and Broekstra, Jeen},
 title = {Index structures and algorithms for querying distributed RDF repositories},
 booktitle = {Proceedings of the 13th international conference on World Wide Web},
 series = {WWW '04},
 year = {2004},
 isbn = {1-58113-844-X},
 location = {New York, NY, USA},
 pages = {631--639},
 numpages = {9},
 url = {http://doi.acm.org/10.1145/988672.988758},
 doi = {10.1145/988672.988758},
 acmid = {988758},
 publisher = {ACM},
 address = {New York, NY, USA},
 keywords = {RDF querying, index structures, optimization},
}